%% This BibTeX bibliography file was created using BibDesk.
%% https://bibdesk.sourceforge.io/

%% Created for Luo Yao at 2024-04-07 20:46:27 -0400 


%% Saved with string encoding Unicode (UTF-8) 



@article{Bade15,
	access = {2024-04-02},
	author = {Bade, Sophie},
	copyright = {Copyright {\copyright} 2015 Sophie Bade},
	doi = {10.3982/TE1335},
	issn = {1555-7561},
	journal = {Theoretical Economics},
	keywords = {C78,endogenous information,house allocation,Serial dictatorship},
	langid = {english},
	number = {2},
	pages = {385--410},
	shorttitle = {Serial Dictatorship},
	title = {Serial Dictatorship: {{The}} Unique Optimal Allocation Rule When Information Is Endogenous},
	url = {https://onlinelibrary.wiley.com/doi/abs/10.3982/TE1335},
	urldate = {2024-04-02},
	volume = {10},
	year = {2015},
	bdsk-url-1 = {https://onlinelibrary.wiley.com/doi/abs/10.3982/TE1335},
	bdsk-url-2 = {https://doi.org/10.3982/TE1335}}

@inproceedings{Bai22,
	access = {2024-04-02},
	author = {Bai, Jianing},
	booktitle = {2022 6th {{International Seminar}} on {{Education}}, {{Management}} and {{Social Sciences}} ({{ISEMSS}} 2022)},
	doi = {10.2991/978-2-494069-31-2_265},
	isbn = {978-2-494-06931-2},
	issn = {2352-5398},
	langid = {english},
	month = dec,
	pages = {2254--2261},
	publisher = {Atlantis Press},
	title = {Analysis on the {{Evolution}} of {{Inner Mongolia College Admission System}}},
	url = {https://www.atlantis-press.com/proceedings/isemss-22/125982096},
	urldate = {2024-04-02},
	year = {2022},
	bdsk-url-1 = {https://www.atlantis-press.com/proceedings/isemss-22/125982096},
	bdsk-url-2 = {https://doi.org/10.2991/978-2-494069-31-2_265}}

@article{Bo.Hakimov22,
	access = {2024-04-02},
	author = {B{\'o}, In{\'a}cio and Hakimov, Rustamdjan},
	doi = {10.1016/j.geb.2022.07.001},
	issn = {0899-8256},
	journal = {Games and Economic Behavior},
	keywords = {College admissions,Market design,Matching,Sequential mechanisms},
	month = sep,
	pages = {411--433},
	title = {The Iterative Deferred Acceptance Mechanism},
	url = {https://www.sciencedirect.com/science/article/pii/S0899825622001129},
	urldate = {2024-04-02},
	volume = {135},
	year = {2022},
	bdsk-url-1 = {https://www.sciencedirect.com/science/article/pii/S0899825622001129},
	bdsk-url-2 = {https://doi.org/10.1016/j.geb.2022.07.001}}

@article{Chen.Jiang.ea20,
	access = {2024-02-28},
	author = {Chen, Yan and Jiang, Ming and Kesten, Onur},
	doi = {10.1073/pnas.2009282117},
	journal = {Proceedings of the National Academy of Sciences},
	month = dec,
	number = {50},
	pages = {31696--31705},
	publisher = {Proceedings of the National Academy of Sciences},
	title = {An Empirical Evaluation of {{Chinese}} College Admissions Reforms through a Natural Experiment},
	url = {https://www.pnas.org/doi/10.1073/pnas.2009282117},
	urldate = {2024-02-28},
	volume = {117},
	year = {2020},
	bdsk-url-1 = {https://www.pnas.org/doi/10.1073/pnas.2009282117},
	bdsk-url-2 = {https://doi.org/10.1073/pnas.2009282117}}

@article{Chen.Kesten17,
	access = {2024-02-28},
	author = {Chen, Yan and Kesten, Onur},
	doi = {10.1086/689773},
	issn = {0022-3808},
	journal = {Journal of Political Economy},
	month = feb,
	number = {1},
	pages = {99--139},
	publisher = {The University of Chicago Press},
	shorttitle = {Chinese {{College Admissions}} and {{School Choice Reforms}}},
	title = {Chinese {{College Admissions}} and {{School Choice Reforms}}: {{A Theoretical Analysis}}},
	url = {https://www.journals.uchicago.edu/doi/full/10.1086/689773},
	urldate = {2024-02-28},
	volume = {125},
	year = {2017},
	bdsk-url-1 = {https://www.journals.uchicago.edu/doi/full/10.1086/689773},
	bdsk-url-2 = {https://doi.org/10.1086/689773}}

@article{Chen.Kesten19,
	access = {2024-02-28},
	author = {Chen, Yan and Kesten, Onur},
	doi = {10.1016/j.geb.2019.02.003},
	issn = {0899-8256},
	journal = {Games and Economic Behavior},
	keywords = {College admissions,Deferred acceptance,Experiment,Immediate acceptance mechanism,Parallel mechanism,School choice},
	month = may,
	pages = {83--100},
	shorttitle = {Chinese College Admissions and School Choice Reforms},
	title = {Chinese College Admissions and School Choice Reforms: {{An}} Experimental Study},
	url = {https://www.sciencedirect.com/science/article/pii/S0899825619300132},
	urldate = {2024-02-28},
	volume = {115},
	year = {2019},
	bdsk-url-1 = {https://www.sciencedirect.com/science/article/pii/S0899825619300132},
	bdsk-url-2 = {https://doi.org/10.1016/j.geb.2019.02.003}}

@misc{Chen.Pereyra.ea22,
	access = {2024-04-02},
	archiveprefix = {arxiv},
	author = {Chen, Li and Pereyra, Juan S. and Zhu, Min},
	doi = {10.48550/arXiv.2207.12179},
	eprint = {2207.12179},
	keywords = {Economics - Theoretical Economics},
	month = jul,
	number = {arXiv:2207.12179},
	primaryclass = {econ},
	publisher = {arXiv},
	title = {Time-Constrained {{Dynamic Mechanisms}} for {{College Admissions}}},
	url = {http://arxiv.org/abs/2207.12179},
	urldate = {2024-04-02},
	year = {2022},
	bdsk-url-1 = {http://arxiv.org/abs/2207.12179},
	bdsk-url-2 = {https://doi.org/10.48550/arXiv.2207.12179}}

@article{Grenet.He.ea22,
	access = {2024-02-29},
	author = {Grenet, Julien and He, YingHua and K{\"u}bler, Dorothea},
	doi = {10.1086/718983},
	issn = {0022-3808},
	journal = {Journal of Political Economy},
	month = jun,
	number = {6},
	pages = {1427--1476},
	publisher = {The University of Chicago Press},
	shorttitle = {Preference {{Discovery}} in {{University Admissions}}},
	title = {Preference {{Discovery}} in {{University Admissions}}: {{The Case}} for {{Dynamic Multioffer Mechanisms}}},
	url = {https://www.journals.uchicago.edu/doi/10.1086/718983},
	urldate = {2024-02-29},
	volume = {130},
	year = {2022},
	bdsk-url-1 = {https://www.journals.uchicago.edu/doi/10.1086/718983},
	bdsk-url-2 = {https://doi.org/10.1086/718983}}

@article{Hakimov.Kubler.ea23,
	access = {2024-04-02},
	author = {Hakimov, Rustamdjan and K{\"u}bler, Dorothea and Pan, Siqi},
	copyright = {Copyright {\copyright} 2023 The Authors.},
	doi = {10.3982/QE1955},
	issn = {1759-7331},
	journal = {Quantitative Economics},
	keywords = {C92,D47,deferred acceptance,game theory,information acquisition,lab experiment,Matching market,serial dictatorship},
	langid = {english},
	number = {4},
	pages = {1447--1490},
	title = {Costly Information Acquisition in Centralized Matching Markets},
	url = {https://onlinelibrary.wiley.com/doi/abs/10.3982/QE1955},
	urldate = {2024-04-02},
	volume = {14},
	year = {2023},
	bdsk-url-1 = {https://onlinelibrary.wiley.com/doi/abs/10.3982/QE1955},
	bdsk-url-2 = {https://doi.org/10.3982/QE1955}}

@misc{Immorlica.Leshno.ea20,
	access = {2024-04-02},
	address = {Rochester, NY},
	author = {Immorlica, Nicole and Leshno, Jacob and Lo, Irene and Lucier, Brendan},
	doi = {10.2139/ssrn.3705049},
	keywords = {information acquisition,matching},
	langid = {english},
	month = oct,
	number = {3705049},
	shorttitle = {Information {{Acquisition}} in {{Matching Markets}}},
	title = {Information {{Acquisition}} in {{Matching Markets}}: {{The Role}} of {{Price Discovery}}},
	type = {{{SSRN Scholarly Paper}}},
	url = {https://papers.ssrn.com/abstract=3705049},
	urldate = {2024-04-02},
	year = {2020},
	bdsk-url-1 = {https://papers.ssrn.com/abstract=3705049},
	bdsk-url-2 = {https://doi.org/10.2139/ssrn.3705049}}

@misc{Kang.Ha.ea23,
	access = {2024-04-02},
	address = {Rochester, NY},
	author = {Kang, Le and Ha, Wei and Chen, Haoyuan (Marty) and Deng, Yuhao},
	doi = {10.2139/ssrn.4555471},
	keywords = {Immediate Acceptance (IA) Mechanism,Inner Mongolia,Justified Envy,Matching Stability,Real-time Dynamic Mechanism},
	langid = {english},
	month = aug,
	number = {4555471},
	shorttitle = {Dynamic {{Matching Mechanism}} and {{Matching Stability}} in {{College Admissions}}},
	title = {Dynamic {{Matching Mechanism}} and {{Matching Stability}} in {{College Admissions}}: {{Evidence}} from {{Inner Mongolia}}},
	type = {{{SSRN Scholarly Paper}}},
	url = {https://papers.ssrn.com/abstract=4555471},
	urldate = {2024-04-02},
	year = {2023},
	bdsk-url-1 = {https://papers.ssrn.com/abstract=4555471},
	bdsk-url-2 = {https://doi.org/10.2139/ssrn.4555471}}

@misc{Liang.Gong,
	access = {2024-04-02},
	author = {Liang,Yingzh and Gong, Binglin},
	date-modified = {2024-04-07 20:46:27 -0400},
	journal = {Working paper},
	title = {A Dynamic Matching Mechanism for College Admissions: Theory and Experiment},
	url = {https://drive.google.com/file/d/1tojQ0anWJDjkf2xh-_EhR3bCinEirxUW/view?usp=share_link&usp=embed_facebook},
	urldate = {2024-04-02}}
